<record><leader>00000cas a22000007a 4500</leader><controlfield tag="001">16081121</controlfield><controlfield tag="008">870626d19101926nyuwr ne      0    0eng d</controlfield><datafield ind1=" " ind2=" " tag="010"><subfield code="a">sn 87070081 </subfield></datafield><datafield ind1=" " ind2=" " tag="040"><subfield code="a">NYS</subfield><subfield code="b">eng</subfield><subfield code="c">NYS</subfield><subfield code="d">NYG</subfield><subfield code="d">NYS</subfield><subfield code="d">OCLCQ</subfield><subfield code="d">NYG</subfield><subfield code="d">OCLCF</subfield></datafield><datafield ind1="1" ind2=" " tag="029"><subfield code="a">AU@</subfield><subfield code="b">000025794125</subfield></datafield><datafield ind1=" " ind2=" " tag="042"><subfield code="a">msc</subfield></datafield><datafield ind1="0" ind2=" " tag="130"><subfield code="a">Pine Plains register (Pine Plains, N.Y. : 1910)</subfield></datafield><datafield ind1="0" ind2="0" tag="245"><subfield code="a">Pine Plains register.</subfield></datafield><datafield ind1=" " ind2=" " tag="260"><subfield code="a">Pine Plains, N.Y. :</subfield><subfield code="b">S.J. Weaver,</subfield><subfield code="c">1910-</subfield></datafield><datafield ind1=" " ind2=" " tag="300"><subfield code="a">v.</subfield></datafield><datafield ind1=" " ind2=" " tag="310"><subfield code="a">Weekly</subfield></datafield><datafield ind1="0" ind2=" " tag="362"><subfield code="a">Vol. 29, no. 24 (Aug. 12, 1910)-</subfield></datafield><datafield ind1="1" ind2=" " tag="362"><subfield code="a">Ceased in 1926?</subfield></datafield><datafield ind1=" " ind2=" " tag="580"><subfield code="a">Merged with: Pine Plains herald, to form: Pine Plains register and herald.</subfield></datafield><datafield ind1=" " ind2="0" tag="651"><subfield code="a">Pine Plains (N.Y.)</subfield><subfield code="v">Newspapers.</subfield></datafield><datafield ind1=" " ind2="0" tag="651"><subfield code="a">Dutchess County (N.Y.)</subfield><subfield code="v">Newspapers.</subfield></datafield><datafield ind1=" " ind2="7" tag="655"><subfield code="a">Newspapers.</subfield><subfield code="2">fast</subfield><subfield code="0">(OCoLC)fst01423814</subfield></datafield><datafield ind1=" " ind2="7" tag="651"><subfield code="a">New York (State)</subfield><subfield code="z">Dutchess County.</subfield><subfield code="2">fast</subfield><subfield code="0">(OCoLC)fst01207498</subfield></datafield><datafield ind1=" " ind2="7" tag="651"><subfield code="a">New York (State)</subfield><subfield code="z">Pine Plains.</subfield><subfield code="2">fast</subfield><subfield code="0">(OCoLC)fst01253440</subfield></datafield><datafield ind1=" " ind2=" " tag="752"><subfield code="a">United States</subfield><subfield code="b">New York</subfield><subfield code="c">Dutchess</subfield><subfield code="d">Pine Plains.</subfield></datafield><datafield ind1="0" ind2="0" tag="780"><subfield code="t">Pine Plains weekly register</subfield><subfield code="w">(DLC)sn 83031779</subfield><subfield code="w">(OCoLC)9963134</subfield></datafield><datafield ind1="1" ind2="7" tag="785"><subfield code="t">Pine Plains herald</subfield><subfield code="w">(DLC)sn 83031795</subfield><subfield code="w">(OCoLC)9967274</subfield></datafield><datafield ind1="1" ind2="7" tag="785"><subfield code="t">Pine Plains register and herald</subfield><subfield code="w">(DLC)sn 87070077</subfield><subfield code="w">(OCoLC)16081622</subfield></datafield></record>